<?xml version="1.0" encoding="UTF-8"?><record xmlns="http://www.loc.gov/MARC21/slim" xmlns:cinclude="http://apache.org/cocoon/include/1.0" xmlns:zs="http://www.loc.gov/zing/srw/">
  <leader>00381cz  a2200121n  4500</leader>
  <controlfield tag="001">n  99253560 </controlfield>
  <controlfield tag="003">DLC</controlfield>
  <controlfield tag="005">19991126165606.0</controlfield>
  <controlfield tag="008">991126n| acannaabn          |n aaa      </controlfield>
  <datafield tag="010" ind1=" " ind2=" ">
    <subfield code="a">n  99253560 </subfield>
  </datafield>
  <datafield tag="040" ind1=" " ind2=" ">
    <subfield code="a">DLC</subfield>
    <subfield code="b">eng</subfield>
    <subfield code="c">DLC</subfield>
    <subfield code="d">DLC</subfield>
  </datafield>
  <datafield tag="100" ind1="1" ind2=" ">
    <subfield code="a">Jesús, Fernando,</subfield>
    <subfield code="d">1924-</subfield>
  </datafield>
  <datafield tag="670" ind1=" " ind2=" ">
    <subfield code="a">Apocalipsis, 1998:</subfield>
    <subfield code="b">t.p. (Fernando Jesús) p. 9, etc. (sculptor; b. El Puerto de Santa María, Spain, 1924)</subfield>
  </datafield>
</record>